@misc{LaTeX入門,
    title           = {TeX Wiki LaTeX入門},
    url             = {https://texwiki.texjp.org/?LaTeX%E5%85%A5%E9%96%80}
}
@book{奥村本,
    author         = {奥村晴彦，黒木裕介},
    publisher      = {技術評論社},
    title          = {LaTeX2ε 美文書作成入門},
    year           = {2020}
}
